<?xml version="1.0" encoding="UTF-8"?><record xmlns="http://www.loc.gov/MARC21/slim" xmlns:cinclude="http://apache.org/cocoon/include/1.0" xmlns:zs="http://www.loc.gov/zing/srw/">
  <leader>00938cz  a2200181n  4500</leader>
  <controlfield tag="001">n 2008038151</controlfield>
  <controlfield tag="003">DLC</controlfield>
  <controlfield tag="005">20080605075018.0</controlfield>
  <controlfield tag="008">080604n| acannaabn          |a ana      </controlfield>
  <datafield tag="010" ind1=" " ind2=" ">
    <subfield code="a">n 2008038151</subfield>
  </datafield>
  <datafield tag="040" ind1=" " ind2=" ">
    <subfield code="a">DLC</subfield>
    <subfield code="b">eng</subfield>
    <subfield code="c">DLC</subfield>
  </datafield>
  <datafield tag="110" ind1="2" ind2=" ">
    <subfield code="a">Khrystyi︠a︡nsʹkyĭ dyti︠a︡chyĭ fond (Ukraine)</subfield>
  </datafield>
  <datafield tag="410" ind1="2" ind2=" ">
    <subfield code="a">Christian Children's Fund Ukraine</subfield>
  </datafield>
  <datafield tag="410" ind1="2" ind2=" ">
    <subfield code="a">KhDF (Ukraine)</subfield>
  </datafield>
  <datafield tag="410" ind1="2" ind2=" ">
    <subfield code="a">CCF Ukraine</subfield>
  </datafield>
  <datafield tag="510" ind1="2" ind2=" ">
    <subfield code="w">b</subfield>
    <subfield code="a">Ukraïnsʹkyĭ fond "Blahopoluchchi︠a︡ diteĭ"</subfield>
  </datafield>
  <datafield tag="670" ind1=" " ind2=" ">
    <subfield code="a">Realizat︠s︡ii︠a︡ prava dytyny na simeĭne vykhovanni︠a︡, 2006:</subfield>
    <subfield code="b">t.p. (Khrystyi︠a︡nsʹkyĭ dyti︠a︡chyĭ fond)</subfield>
  </datafield>
  <datafield tag="670" ind1=" " ind2=" ">
    <subfield code="a">Ukraïnsʹkyĭ fond "Blahopoluchchi︠a︡ diteĭ" website viewed June 4, 2008:</subfield>
    <subfield code="b">(Khrystyi︠a︡nsʹkyĭ dyti︠a︡chyĭ fond; Christian Children's Fund Ukraine (CCF Ukraine) is a non-governmental and non-confessional organization, working in Ukraine since 1997)</subfield>
    <subfield code="u">http://www.ccf.org.ua/show/ua/about-us</subfield>
  </datafield>
</record>